<record><leader>00000cas a22000007a 4500</leader><controlfield tag="001">21014185</controlfield><controlfield tag="007">hd afu---buca</controlfield><controlfield tag="008">900207d18191836ctuwr n a     0    0eng d</controlfield><datafield ind1=" " ind2=" " tag="010"><subfield code="a">sn 90024107 </subfield></datafield><datafield ind1=" " ind2=" " tag="040"><subfield code="a">VA@</subfield><subfield code="b">eng</subfield><subfield code="c">VA@</subfield><subfield code="d">HUL</subfield><subfield code="d">IUL</subfield><subfield code="d">NST</subfield><subfield code="d">BOS</subfield><subfield code="d">OCLCQ</subfield><subfield code="d">OCLCO</subfield><subfield code="d">OCLCF</subfield></datafield><datafield ind1=" " ind2=" " tag="012"><subfield code="i">9101</subfield></datafield><datafield ind1="1" ind2=" " tag="029"><subfield code="a">AU@</subfield><subfield code="b">000007432256</subfield></datafield><datafield ind1=" " ind2=" " tag="042"><subfield code="a">msc</subfield></datafield><datafield ind1=" " ind2=" " tag="043"><subfield code="a">n-us-ar</subfield></datafield><datafield ind1=" " ind2="4" tag="050"><subfield code="a">AN9.L5</subfield><subfield code="b">A74</subfield></datafield><datafield ind1="0" ind2=" " tag="130"><subfield code="a">Arkansas gazette (Arkansas Post, Ark. : 1819)</subfield></datafield><datafield ind1="1" ind2="4" tag="245"><subfield code="a">The Arkansas gazette</subfield><subfield code="h">[microform].</subfield></datafield><datafield ind1=" " ind2=" " tag="260"><subfield code="a">Arkansas [Post], Ark. Ter. :</subfield><subfield code="b">W. Woodruff,</subfield><subfield code="c">1819-1836.</subfield></datafield><datafield ind1=" " ind2=" " tag="300"><subfield code="a">v. :</subfield><subfield code="b">ill. ;</subfield><subfield code="c">52 cm.</subfield></datafield><datafield ind1=" " ind2=" " tag="310"><subfield code="a">Weekly</subfield></datafield><datafield ind1="0" ind2=" " tag="362"><subfield code="a">Vol. 1, no. 1 (Nov. 20, 1819)-v. 17, no. 42 (Oct. 4, 1836) = Whole no. 53-whole no. 1043.</subfield></datafield><datafield ind1=" " ind2=" " tag="500"><subfield code="a">Published at Little Rock, Ark., Dec. 29, 1821-1836.</subfield></datafield><datafield ind1=" " ind2=" " tag="533"><subfield code="a">Microfilm.</subfield><subfield code="b">New Canaan, CT :?c Readex.</subfield><subfield code="e">microfilm reels ; 35 mm.?f (Early American newspapers).</subfield></datafield><datafield ind1=" " ind2="0" tag="651"><subfield code="a">Little Rock (Ark.)</subfield><subfield code="v">Newspapers.</subfield></datafield><datafield ind1=" " ind2="0" tag="651"><subfield code="a">Arkansas Post (Ark.)</subfield><subfield code="v">Newspapers.</subfield></datafield><datafield ind1=" " ind2="7" tag="655"><subfield code="a">Newspapers.</subfield><subfield code="2">fast</subfield><subfield code="0">(OCoLC)fst01423814</subfield></datafield><datafield ind1=" " ind2="7" tag="651"><subfield code="a">Arkansas</subfield><subfield code="z">Arkansas Post.</subfield><subfield code="2">fast</subfield><subfield code="0">(OCoLC)fst01235423</subfield></datafield><datafield ind1=" " ind2="7" tag="651"><subfield code="a">Arkansas</subfield><subfield code="z">Little Rock.</subfield><subfield code="2">fast</subfield><subfield code="0">(OCoLC)fst01206922</subfield></datafield><datafield ind1=" " ind2=" " tag="752"><subfield code="a">United States</subfield><subfield code="b">Arkansas</subfield><subfield code="d">Little Rock.</subfield></datafield><datafield ind1=" " ind2=" " tag="752"><subfield code="a">United States</subfield><subfield code="b">Arkansas</subfield><subfield code="d">Arkansas Post.</subfield></datafield><datafield ind1="0" ind2="0" tag="785"><subfield code="t">Arkansas State gazette (Little Rock, Ark. : 1836)</subfield></datafield><datafield ind1=" " ind2=" " tag="850"><subfield code="a">AU</subfield><subfield code="a">ViU</subfield></datafield></record>